
@article{LeMonde1,
  title={SNCF : Temps de trajet 1957 - 2017},
  author={Adler, R. and Kitchens, B. and Marcus, B.},
  journal={Le Monde},
  year={2-6-2017},
 url={http://www.lemonde.fr/mmpub/edt/zip/2017/06/30/194554282-6c3c3558a5cd65a2833b4dcda16e6fab181c65e0/index.html},
}



@inproceedings{schoedon2016interactive,
  title={Interactive web-based visualization for accessibility mapping of transportation networks},
  author={Schoedon, Alexander and Trapp, Matthias and Hollburg, Henning and D{\"o}llner, J{\"u}rgen},
  booktitle={Proceedings of the Eurographics/IEEE VGTC Conference on Visualization: Short Papers},
  pages={79--83},
  year={2016},
  organization={Eurographics Association}
}



@article{cao2017investigating,
  title={Investigating Intercity Rail Transit Scope with Social Economy Accessibility: Case Study of the Pearl River Delta Region in China},
  author={Cao, Xiaoshu and Li, Linna and Wei, Heng},
  journal={Urban Rail Transit},
  volume={1},
  number={3},
  pages={61--71},
  year={2017}
}


@BOOK{RePEc:mtp:titles:0262561476,
title = {The Spatial Economy: Cities, Regions, and International Trade},
author = {Fujita, Masahisa and Krugman, Paul and Venables, Anthony},
year = {2001},
volume = {1},
edition = {1},
publisher = {The MIT Press},
url = {https://EconPapers.repec.org/RePEc:mtp:titles:0262561476}





@article{APIGoogle,
 title={Google Distance Matrix API},
 journal={https://developers.google.com/maps/docu mentation/distance-matrix/?hl=fr},
}




@article{Cheysson,
author={Cheysson E.},
title={Album de statistique graphique},
year={1888},
}



@phdthesis{lee1997impact,
  title={L'impact de l'efficacit{\'e} du transport urbain sur la productivit{\'e} de la ville},
  author={Lee, Chang-Woon},
  year={1997},
  school={Ecole Nationale des Ponts et Chauss{\'e}es}
}





@article{INSEE,
title={Institut National de la Statistique et des Etudes Economiques}
url={https://www.insee.fr/fr/statistiques/2525755?sommaire=2525768}
}




@article{sauvant2002,
  title={L'Accessibilit{\'e} des villes et des territoires aux r{\'e}seaux de transport},
  author={Sauvant, Alain and Salager, Jacques},
  journal={Note de synth{\`e}se du SES Mai-Juin},
  year={2002}
}


@article{Gleyze,
  title={R{\'e}seaux, territoires, et accessibilit{\'e}},
  author={Gleyze, J-F.},
  journal={ Institut Géographique National. Laboratoire COGIT},
  year={2001}
}




@article{smith,
  title={ForrestTheWoods},
  author={Smith F.},
  journal={https://blog.forrestthewoods.com/visualizing-commute-times-378009330ffa},
  year={2017}
}



@article{Moser,
  title={Merging Data + Municipal Maps},
  author={Moser A.},
  journal={https://cartodb.github.io/training/intermediate/hasadna-workshop.html},
  year={2015}
}







@article{vieillecartetrains,
  title={Carte des communications rapides entre Paris et le reste de la France},
  author={Martin, E.},
  year={1882}
}












@article{AdlKitMar,
  title={Almost topological classification of finite-to-one factor maps between shifts of finite type},
  author={Adler, R. and Kitchens, B. and Marcus, B.},
  journal={Ergodic Theory Dynam. Systems},
  volume={5},
  number={4},
  pages={485--500},
  year={1985},
  publisher={Cambridge Univ Press}
}

@incollection{AliCorCortDurPet,
  title={Linearly repetitive Delone sets},
  author={Aliste-Prieto, J. and Coronel, D.l and Cortez, M.I. and Durand, F. and Petite, S.l},
  booktitle={Mathematics of Aperiodic Order},
  pages={195--222},
  year={2015},
  publisher={Springer}
}

@book{ArgDLa,
  title={Fourier analysis of unbounded measures on locally compact abelian groups},
  author={Argabright, L.N. and De Lamadrid, J.Gi.},
  volume={145},
  year={1974},
  publisher={American Mathematical Soc.}
}


@article{Auj2,
  title={On embedding of repetitive Meyer multiple sets into model multiple sets},
  author={Aujogue, J-B.},
  journal={Ergodic Theory and Dynamical Systems},
  pages={1--24},
  year={2014},
  publisher={Cambridge Univ Press}
}

@article{Auj5,
  title={A decomposition of translation-bounded measures and associated diffraction spectra},
  author={Aujogue, J-B.},
  journal={arXiv preprint arXiv:1510.06381},
  year={2015}
}

@article{Auj6,
  title={A short proof of the characterization of model sets by almost automorphy},
  author={Aujogue, J-B.},
  journal={arXiv preprint arXiv:1604.01377},
  year={2016}
}



@incollection{AujBarKelLen,
  title={Equicontinuous factors, proximality and Ellis semigroup for Delone sets},
  author={Aujogue, J-B. and Barge, M. and Kellendonk, J. and Lenz, D.},
  booktitle={Mathematics of Aperiodic Order},
  pages={137--194},
  year={2015},
  publisher={Springer}
}



@book{Auslander,
  title={Minimal flows and their extensions},
  author={Auslander, J.},
  volume={153},
  year={1988},
  publisher={Elsevier}
}

@article{Baa,
  title={Diffraction of weighted lattice subsets},
  author={Baake, M.},
  journal={Canad. Math. Bulletin},
  number={45},
 pages={483–498},
  year={2002}
}

@book{Baa2,
  title={Mathematical diffraction theory in Euclidian spaces},
  author={Baake, M.},
  year={2005},
  publisher={Troisi{\`e}me cycle de la physique en Suisse romande}
}

@article{BaaBirGri,
  title={Non-periodic systems with continuous diffraction measures},
  author={Baake, M. and Birkner, M. and Grimm, U.},
  journal={arXiv preprint arXiv:1502.05122},
  year={2015}
}

@article{BaaBirMoo,
  title={Diffraction of stochastic point sets: Explicitly computable examples},
  author={Baake, M. and Birkner, M. and Moody, R.V.},
  journal={Communications in Mathematical Physics},
  volume={293},
  number={3},
  pages={611--660},
  year={2010},
  publisher={Springer}
}

@article{BaaGahGri,
  title={Examples of substitution systems and their factors},
  author={Baake, M. and G{\"a}hler, F. and Grimm, U.},
  journal={arXiv preprint arXiv:1211.5466},
  year={2012}
}

@article{BaaGri,
  title={Mathematical diffraction of aperiodic structures},
  author={Baake, M. and Grimm, U.},
  journal={Chemical Society Reviews},
  volume={41},
  number={20},
  pages={6821--6843},
  year={2012},
  publisher={Royal Society of Chemistry}
}

@book{BaakeGrimm,
  title={Aperiodic Order},
  author={Baake, M. and Grimm, U.},
  volume={1},
  year={2013},
  publisher={Cambridge University Press}
}

@article{BaaGri2,
  title={Squirals and beyond: Substitution tilings with singular continuous spectrum},
  author={Baake, M. and Grimm, U.},
  journal={Ergodic Theory and Dynamical Systems},
  volume={34},
  number={04},
  pages={1077--1102},
  year={2014},
  publisher={Cambridge Univ Press}
}

@article{BaaZin,
  title={Absence of singular continuous diffraction for discrete multi-component particle models},
  author={Baake, M. and Zint, N.},
  journal={Journal of Statistical Physics},
  volume={130},
  number={4},
  pages={727--740},
  year={2008},
  publisher={Springer}
}

@article{BaaHerPle,
  title={The torus parametrization of quasiperiodic LI-classes},
  author={Baake, M. and Hermisson, J. and Pleasants, P.A.B.},
  journal={Journal of Physics A: Mathematical and General},
  volume={30},
  number={9},
  pages={3029},
  year={1997},
  publisher={IOP Publishing}
}

@article{BaaLen,
  title={Dynamical systems on translation bounded measures: Pure point dynamical and diffraction spectra},
  author={Baake, M. and Lenz, D.},
  journal={Ergodic Theory and Dynamical Systems},
  volume={24},
  number={06},
  pages={1867--1893},
  year={2004},
  publisher={Cambridge Univ Press}
}

@article{BaaMoo0,
  title={Diffractive point sets with entropy},
  author={Baake, M. and Moody, R.V.},
  journal={Journal of Physics A: Mathematical and General},
  volume={31},
  number={45},
  pages={9023},
  year={1998},
  publisher={IOP Publishing}
}

@article{BaaMoo,
  title={Weighted Dirac combs with pure point diffraction},
  author={Baake, M. and Moody, R.V.},
  journal={J. Reine Angew. Math.},
  volume={573},
  pages={61–94},
  year={2004},
}

@article{BaaMooSch,
  title={Limit-(quasi) periodic point sets as quasicrystals with p-adic internal spaces},
  author={Baake, M. and Moody, R.V. and Schlottmann, M.},
  journal={Journal of Physics A: Mathematical and General},
  volume={31},
  number={27},
  pages={5755},
  year={1998},
  publisher={IOP Publishing}
}


@article{BaaLenMoo,
  title={Characterization of model sets by dynamical systems},
  author={Baake, M. and Lenz, D. and Moody, R.V.},
  journal={Ergodic Theory and Dynamical Systems},
  volume={27},
  number={02},
  pages={341--382},
  year={2007},
  publisher={Cambridge Univ Press}
}

@article{BaaLenVEn,
  title={Dynamical versus diffraction spectrum for structures with finite local complexity},
  author= "Baake, M.and Lenz, D. and van Enter, A.",
  journal={Ergodic Theory and Dynamical Systems},
  pages={1--27},
  year={2013},
  publisher={Cambridge Univ Press}
}

@article{BarKel,
author = "Barge, M. and Kellendonk, J.",
fjournal = "The Michigan Mathematical Journal",
journal = "Michigan Math. J.",
month = "12",
number = "4",
pages = "793--822",
publisher = "University of Michigan, Department of Mathematics",
title = "Proximality and pure point spectrum for tiling dynamical systems",
volume = "62",
year = "2013"
}

@article{BellHerrZarr,
  title={Hull of aperiodic solids and gap labelling theorems},
  author={Bellissard, J. and Herrmann, D.J. and Zarrouati, M.},
  journal={Directions in Mathematical Quasicrystals, CIRM Monograph Series},
  volume={13},
  pages={207--259},
  year={2000}
}

@article{BelRadShl,
  title={The characterization of ground states},
  author={Bellissard, J. and Radin, C. and Shlosman, S.},
  journal={Journal of Physics A: Mathematical and Theoretical},
  volume={43},
  number={30},
  pages={305001},
  year={2010},
  publisher={IOP Publishing}
}

@inproceedings{BerHinCut,
  title={Notions of size and combinatorial properties of quotient sets in semigroups},
  author={Bergelson, V. and Hindman, N. and McCutcheon, R.},
  booktitle={Topology Proceedings},
  volume={23},
  pages={23--60},
  year={1998}
}

@article{BesBosLen,
  title={Delone sets with finite local complexity: linear repetitivity versus positivity of weights},
  author={Besbes, A. and Boshernitzan, M. and Lenz, D.},
  journal={Discrete \& Computational Geometry},
  volume={49},
  number={2},
  pages={335--347},
  year={2013},
  publisher={Springer}
}

@article{CortDurPet,
  title={Linearly repetitive Delone systems have a finite number of nonperiodic Delone system factors},
  author={Cortez, M.I. and Durand, F. and Petite, S.l},
  journal={Proceedings of the American Mathematical Society},
  volume={138},
  number={3},
  pages={1033--1046},
  year={2010},
}

@book{VanDenBergForst,
  title={Potential theory on locally compact abelian groups},
  author={Van Den Berg, C. and Forst, G.},
  volume={87},
  year={2012},
  publisher={Springer Science \& Business Media}
}


@article{DenMoo,
  title={Dworkin’s argument revisited: point processes, dynamics, diffraction, and correlations},
  author={Deng, X. and Moody, R.V.},
  journal={Journal of Geometry and Physics},
  volume={58},
  number={4},
  pages={506--541},
  year={2008},
  publisher={Elsevier}
}

@article{DengMoody2009,
  title={How model sets can be determined by their two-point and three-point correlations},
  author={Deng, X. and Moody, R.V.},
  journal={Journal of Statistical Physics},
  volume={135},
  number={4},
  pages={621--637},
  year={2009},
  publisher={Springer}
}

@article{DengMoody2012,
  title={Weighted model sets and their higher point-correlations},
  author={Deng, X. and Moody, R.V.},
  journal={Canadian mathematical bulletin},
  volume={55},
  number={3},
  pages={487--497},
  year={2012},
  publisher={Citeseer}
}


@article{Dur,
  title={Linearly recurrent subshifts have a finite number of non-periodic subshift factors},
  author={Durand, F.},
  journal={Ergodic Theory and Dynamical Systems},
  volume={20},
  number={04},
  pages={1061--1078},
  year={2000},
  publisher={Cambridge Univ Press}
}

@article{Dwo,
  title={Spectral theory and x-ray diffraction},
  author={Dworkin, S.},
  journal={Journal of mathematical physics},
  volume={34},
  number={7},
  pages={2965--2967},
  year={1993},
  publisher={AIP Publishing}
}

@book{FellDoran,
  title={Representations of *-Algebras, Locally Compact Groups, and Banach *-Algebraic Bundles: Banach *-Algebraic Bundles, Induced Representations, and the Generalized Mackey Analysis},
  author={Fell, J.M.G. and Doran, R.S.},
  isbn={9780080874456},
  series={Pure and Applied Mathematics},
  url={https://books.google.cl/books?id=CPa8rUSwKzEC},
  year={1988},
  publisher={Elsevier Science}
}


@article{FerKat,
  title={Ergodic theory and dynamics of G-spaces},
  author={Feres, R. and Katok, A.},
  journal={Handbook of dynamical systems},
  volume={1},
  pages={665--763},
  year={2002},
  publisher={Elsevier Amsterdam}
}


@book{ForHunKel,
    author = {Forrest, A. and Hunton, J. and Kellendonk, K.},
    title = {Topological invariants for projection method patterns},
    number={758},
    publisher={American Mathematical Soc.},
    year = {2002}
}

@article{GaribaldiThieullen2015,
  title={An ergodic description of ground states},
  author={Garibaldi, E. and Thieullen, P.},
  journal={Journal of Statistical Physics},
  volume={158},
  number={2},
  pages={359--371},
  year={2015},
  publisher={Springer}
}

@article{Geor,
  title={Large deviations and the equivalence of ensembles for Gibbsian particle systems with superstable interaction},
  author={Georgii, H-O.},
  journal={Probability Theory and Related Fields},
  volume={99},
  number={2},
  pages={171--195},
  year={1994},
  publisher={Springer}
}

@article{Geor2,
  title={The equivalence of ensembles for classical systems of particles},
  author={Georgii, H-O.},
  journal={Journal of statistical physics},
  volume={80},
  number={5-6},
  pages={1341--1378},
  year={1995},
  publisher={Springer}
}

@article{Gou,
title = "Diffraction et mesure de Palm des processus ponctuels ",
journal = "Comptes Rendus Mathematique ",
volume = "336",
number = "1",
pages = "57 - 62",
year = "2003",
note = "",
issn = "1631-073X",
author = "Gouéré, J-B.",
}

@article{Gou2,
  title={Quasicrystals and almost periodicity},
  author={Gouéré, J-B.},
  journal={Communications in mathematical physics},
  volume={255},
  number={3},
  pages={655--681},
  year={2005},
  publisher={Springer}
}

@article{Hof,
  title={On diffraction by aperiodic structures},
  author={Hof, A.},
  journal={Communications in mathematical physics},
  volume={169},
  number={1},
  pages={25--43},
  year={1995},
  publisher={Springer}
}

@article{HofMor,
        author = " Hofmann, K. H. and Morris, S. A.",
        title = "Open mapping theorem for topological groups",
        journal = "Topology proceedings",
        year = "2007",
        pages = "533--551",
}

@article{HuaYi,
  title={Almost periodically forced circle flows},
  author={Huang, W. and Yi, Y.},
  journal={Journal of Functional Analysis},
  volume={257},
  number={3},
  pages={832--902},
  year={2009},
  publisher={Elsevier}
}

@article{HucRic,
  title={On pattern entropy of weak model sets},
  author={Huck, C. and Richard, C.},
  journal={arXiv preprint arXiv:1412.6307},
  year={2014}
}


@article{Kel,
author = {Kellendonk, J.},
title = {Non-commutative geometry of tilings and gap-labelling},
journal = {Reviews in Mathematical Physics},
volume = {07},
number = {07},
pages = {1133-1180},
year = {1995},

}

@article{KelLen,
  title={Equicontinuous Delone dynamical systems},
  author={Kellendonk, J. and Lenz, D.},
  journal={arXiv preprint arXiv:1105.3855},
  year={2011}
}

@article{KelSad,
  title={Meyer sets, topological eigenvalues, and Cantor fiber bundles},
  author={Kellendonk, J. and Sadun, L.},
  journal={Journal of the London Mathematical Society},
  pages={jdt062},
  year={2013},
  publisher={Oxford University Press}
}

@Book{Kelley,
author = {Kelley, J.L.},
title = { General topology},
isbn = { 0387901256 },
publisher = { Springer-Verlag New York },
pages = { xiv, 298 p. ; },
year = { 1975 },
type = { Book },
}


@article{Lag,
author = "Lagarias, J.C.",
fjournal = "Communications in Mathematical Physics",
journal = "Comm. Math. Phys.",
number = "2",
pages = "365--376",
publisher = "Springer",
title = "Meyer's concept of quasicrystal and quasiregular sets",
volume = "179",
year = "1996"
}

@article{Lag2,
  title={Geometric models for quasicrystals I. Delone sets of finite type},
  author={Lagarias, J.C.},
  journal={Discrete \& Computational Geometry},
  volume={21},
  number={2},
  pages={161--191},
  year={1999},
  publisher={Springer}
}

@article{LagPle,
  title={Repetitive Delone sets and quasicrystals},
  author={Lagarias, J. C. and Pleasants, P. A. B.},
  journal={Ergodic Theory and Dynamical Systems},
  volume={23},
  number={03},
  pages={831--867},
  year={2003},
  publisher={Cambridge Univ Press}
}

@article{Lee,
  title={Substitution Delone sets with pure point spectrum are inter-model sets},
  author={Lee, J-Y.},
  journal={Journal of Geometry and Physics},
  volume={57},
  number={11},
  pages={2263--2285},
  year={2007},
  publisher={Elsevier}
}

@inproceedings{LeeMoo,
  title={A characterization of model multi-colour sets},
  author={Lee, J-Y. and Moody, R.V.},
  booktitle={Annales Henri Poincar{\'e}},
  volume={7},
  number={1},
  pages={125--143},
  year={2006},
  organization={Springer}
}

@inproceedings{LeeMooSol,
  title={Pure point dynamical and diffraction spectra},
  author={Lee, J-Y. and Moody, R.V. and Solomyak, B.},
  booktitle={Annales Henri Poincar{\'e}},
  volume={3},
  number={5},
  pages={1003--1018},
  year={2002},
  organization={Springer}
}

@article{LeeMooSol2,
  title={Consequences of pure point diffraction spectra for multiset substitution systems},
  author={Lee, J-Y. and Moody, R.V. and Solomyak, B.},
  journal={Discrete and Computational Geometry},
  volume={29},
  number={4},
  pages={525--560},
  year={2003},
  publisher={Springer}
}

@article{LeeSol,
 author = {Lee, J-Y. and Solomyak, B.},
 title = {Pure point diffractive substitution Delone sets have the Meyer property},
 journal = {Discrete Comput. Geom.},
 volume = {39},
 number = {1},
 month = mar,
 year = {2008},
 issn = {0179-5376},
 pages = {319--338},
 doi = {10.1007/s00454-008-9054-1}
}

@article{LeeSol2,
title ="Pisot family self-affine tilings, discrete spectrum, and the Meyer property",
journal ="Discrete and Continuous Dynamical Systems",
volume ="32",
number ="3",
pages ="935-959",
year ="2012",
issn ="1078-0947",
doi ="10.3934/dcds.2012.32.935",
author ="Lee, J-Y. and Solomyak, B.",
}

@article{Lenard,
  title={Correlation functions and the uniqueness of the state in classical statistical mechanics},
  author={Lenard, A.},
  journal={Communications in Mathematical Physics},
  volume={30},
  number={1},
  pages={35--44},
  year={1973},
  publisher={Springer}
}

@article{LenzMoody2009,
  title={Extinctions and correlations for uniformly discrete point processes with pure point dynamical spectra},
  author={Lenz, D. and Moody, R.V.},
  journal={Communications in Mathematical Physics},
  volume={289},
  number={3},
  pages={907--923},
  year={2009},
  publisher={Springer}
}

@article{LenzMoody2011,
  title={Stationary processes with pure point diffraction},
  author={Lenz, D. and Moody, R.V.},
  journal={arXiv preprint arXiv:1111.3617},
  year={2011}
}
 
@article{LenRic,
  title={Pure point diffraction and cut and project schemes for measures: The smooth case},
  author={Lenz, D. and Richard, C.},
  journal={Mathematische Zeitschrift},
  volume={256},
  number={2},
  pages={347--378},
  year={2007},
  publisher={Springer}
}

@article{LenStr,
  title={Pure point spectrum for measure dynamical systems on locally compact Abelian groups},
  author={Lenz, D.l and Strungaru, N.},
  journal={Journal de math{\'e}matiques pures et appliqu{\'e}es},
  volume={92},
  number={4},
  pages={323--341},
  year={2009},
  publisher={Elsevier}
}

@article{Lin,
  title={Pointwise theorems for amenable groups},
  author={Lindenstrauss, E.},
  journal={Inventiones mathematicae},
  volume={146},
  number={2},
  pages={259--295},
  year={2001},
  publisher={Springer}
}

@book{Loomis,
  title={Introduction to Abstract Harmonic Analysis},
  author={Loomis, L.H.},
  isbn={9780486481234},
  lccn={2011002271},
  series={Dover books on mathematics},
  url={https://books.google.cl/books?id=PS0fpoDAk30C},
  year={2011},
  publisher={Dover Publications}
}

@article{Mac,
  title={Crystallography and the Penrose pattern},
  author={Mackay, A.L.},
  journal={Physica A: Statistical Mechanics and its Applications},
  volume={114},
  number={1},
  pages={609--613},
  year={1982},
  publisher={Elsevier}
}

@article{Mait,
  title={Integral representations of invariant measures},
  author={Maitra, A.},
  journal={Transactions of the American Mathematical Society},
  volume={229},
  pages={209--225},
  year={1977}
}

@book{Meyer,
  title={Algebraic Numbers and Harmonic Analysis},
  author={Meyer, Y.},
  isbn={9780720424522},
  lccn={lc77183278},
  series={North-Holland mathematical library},
  year={1972},
  publisher={North-Holland Publishing Company}
}



@article{Moo,
  title={Meyer sets and their duals},
  author={Moody, R.V.},
  journal={NATO ASI Series C Mathematical and Physical Sciences-Advanced Study Institute},
  volume={489},
  pages={403--442},
  year={1997},
  publisher={Dordrecht, Holland, Boston, D. Reidel Pub. Co., l973-}
}




@incollection{Moo2,
year={2000},
isbn={978-3-540-67464-1},
booktitle={From Quasicrystals to More Complex Systems},
volume={13},
series={Centre de Physique des Houches},
title={Model Sets: A Survey},
publisher={Springer Berlin Heidelberg},
author={Moody, R.V.},
pages={145-166},
}

@article{Moo3,
  title={Uniform distribution in model sets},
  author={Moody, R.V.},
  journal={Canadian Mathematical Bulletin},
  volume={45},
  number={1},
  pages={123--130},
  year={2002},
  publisher={Ottawa, Canadian Mathematical Society.}
}


@article{MulRic,
  title={Ergodic properties of randomly coloured point sets},
  author={M{\"u}ller, P.r and Richard, C.},
  journal={arXiv preprint arXiv:1005.4884},
  year={2010}
}

@ARTICLE{Radin2009,
AUTHOR = {Radin, C. },
TITLE   = {{Q}uasicrystals: {S}olids with {U}nusual {S}ymmetry},
YEAR    = {2009},
JOURNAL = {Scholarpedia},
VOLUME  = {4},
NUMBER  = {10},
PAGES   = {9066},
DOI     = {10.4249/scholarpedia.9066},
}

@article{Rad,
  title={Existence of ground state configurations},
  author={Radin, C.},
  journal={Math. Phys. Electron. J},
  volume={10},
  number={6},
  year={2004}
}

@book{ReedSimon,
  title={Methods of modern mathematical physics: Functional analysis},
  author={Reed, M. and Simon, B.},
  volume={1},
  year={1980},
  publisher={Gulf Professional Publishing}
}

@article{Ric,
  title={Dense Dirac combs in Euclidean space with pure point diffraction},
  author={Richard, C.},
  journal={Journal of Mathematical Physics},
  volume={44},
  number={10},
  pages={4436--4449},
  year={2003},
  publisher={AIP Publishing}
}

@article{Rob,
  title={The dynamical properties of Penrose tilings},
  author={Robinson Jr, E.A.},
  journal={Transactions of the American Mathematical Society},
  volume={348},
  number={11},
  pages={4447--4464},
  year={1996}
}

@book{Rudin,
  title={Fourier analysis on groups},
  author={Rudin, W.},
  number={12},
  year={1990},
  publisher={John Wiley \& Sons}
}

@article{Rue,
  title={Superstable interactions in classical statistical mechanics},
  author={Ruelle, D.},
  journal={Communications in Mathematical Physics},
  volume={18},
  number={2},
  pages={127--159},
  year={1970},
  publisher={Springer}
}

@book{RuelleBook,
  title={Statistical mechanics: Rigorous results},
  author={Ruelle, David},
  year={1999},
  publisher={New York, Benjamin}
}

@article{Schl,
  title={Cut-and-project sets in locally compact Abelian groups},
  author={Schlottmann, M.},
  journal={Quasicrystals and discrete geometry},
  volume={10},
  pages={247--264},
  year={1998}
}

@inproceedings{Schl2,
  title={Generalized model sets and dynamical systems},
  author={Schlottmann, M.},
  booktitle={CRM Monograph Series},
  year={1999},
}

@article{Schr,
  title={Ground states in classical lattice systems with hard core},
  author={Schrader, R.},
  journal={Communications in Mathematical Physics},
  volume={16},
  number={4},
  pages={247--264},
  year={1970},
  publisher={Springer}
}

@article{Schr,
author = {Schreiber, J.-P.},
journal = {Bulletin de la Société Mathématique de France},
language = {fre},
pages = {297-332},
publisher = {Société mathématique de France},
title = {Approximations diophantiennes et problèmes additifs dans les groupes abéliens localement compacts},
volume = {101},
year = {1973},
}

@article{Str,
  title={On the Bragg Diffraction Spectra of a Meyer Set},
  author={Strungaru, N.},
  journal={Canad. J. Math},
  volume={65},
  number={3},
  pages={675--701},
  year={2013}
}

@article{Str2,
  title={On weighted Dirac combs supported inside model sets},
  author={Strungaru, N.},
  journal={Journal of Physics A: Mathematical and Theoretical},
  volume={47},
  number={33},
  pages={335202},
  year={2014},
  publisher={IOP Publishing}
}

@article{Str3,
  title={Almost Periodic Measures and Meyer Sets},
  author={Strungaru, N.},
  journal={arXiv:1501.00945},
  year={2015}
}

@article{Ter,
  title={The inverse problem of pure point diffraction—examples and open questions},
  author={Terauds, V.},
  journal={Journal of Statistical Physics},
  volume={152},
  number={5},
  pages={954--968},
  year={2013},
  publisher={Springer}
}

@article{Vee,
  title={Almost automorphic functions on groups},
  author={Veech, W.A.},
  journal={American Journal of Mathematics},
  pages={719--751},
  year={1965},
  publisher={JSTOR}
}

@article{Vee2,
  title={The equicontinuous structure relation for minimal Abelian transformation groups},
  author={Veech, W.A.},
  journal={American Journal of Mathematics},
  pages={723--732},
  year={1968},
  publisher={JSTOR}
}

@article{Vee3,
  title={Point-distal flows},
  author={Veech, W.A.},
  journal={American Journal of Mathematics},
  volume={92},
  number={1},
  pages={205--242},
  year={1970},
}